<?xml version="1.0" encoding="UTF-8"?><collection xmlns="http://www.loc.gov/MARC21/slim"><record><leader>00525nam--2200157-i-4500</leader><controlfield tag="001">000007421</controlfield><controlfield tag="002">20161230</controlfield><controlfield tag="005">20170206185707</controlfield><controlfield tag="008">060222s1000------------r-----000-0-eng-d</controlfield><datafield ind1=" " ind2=" " tag="100"><subfield code="a">Brauman, J.I., Streitwieser, A.And Coulson, C. A</subfield></datafield><datafield ind1=" " ind2=" " tag="245"><subfield code="a">Supplemental tables of molecular orbital calcu lations with a dictionaly of -electron calcu lations</subfield></datafield><datafield ind1=" " ind2=" " tag="260"><subfield code="a">Oxford</subfield><subfield code="b">Pergamon Press</subfield><subfield code="c">1965</subfield></datafield><datafield ind1=" " ind2=" " tag="300"><subfield code="a">/-861-1223/ p. + XXX + 357 p</subfield></datafield><datafield ind1=" " ind2=" " tag="490"><subfield code="a">Oxford Chemistry Series</subfield></datafield><datafield ind1=" " ind2=" " tag="852"><subfield code="a">539.19:541</subfield></datafield><datafield ind1=" " ind2=" " tag="CAT"><subfield code="a">SYS</subfield><subfield code="c">20170206</subfield><subfield code="h">185707</subfield></datafield></record></collection>